<record><leader>00000cas a22000007a 4500</leader><controlfield tag="001">605903952</controlfield><controlfield tag="008">100409c20109999ohuwr ne      |   a0eng  </controlfield><datafield ind1=" " ind2=" " tag="010"><subfield code="a">  2010200089</subfield></datafield><datafield ind1=" " ind2=" " tag="040"><subfield code="a">DLC</subfield><subfield code="b">eng</subfield><subfield code="c">DLC</subfield><subfield code="d">OCLCQ</subfield></datafield><datafield ind1=" " ind2=" " tag="012"><subfield code="m">1</subfield></datafield><datafield ind1="1" ind2=" " tag="022"><subfield code="a">2154-5103</subfield><subfield code="2">1</subfield></datafield><datafield ind1=" " ind2=" " tag="032"><subfield code="a">240820</subfield><subfield code="b">USPS</subfield></datafield><datafield ind1=" " ind2=" " tag="037"><subfield code="b">Times Community Newspapers, 3120 Woodman Dr., Suite A, Katherine, OH 45420</subfield></datafield><datafield ind1=" " ind2=" " tag="042"><subfield code="a">nsdp</subfield><subfield code="a">pcc</subfield></datafield><datafield ind1="1" ind2="0" tag="050"><subfield code="a">ISSN RECORD</subfield></datafield><datafield ind1=" " ind2="0" tag="222"><subfield code="a">Weekly record herald</subfield><subfield code="b">(Katherine, Ohio)</subfield></datafield><datafield ind1="0" ind2="0" tag="245"><subfield code="a">Weekly record herald.</subfield></datafield><datafield ind1="1" ind2="3" tag="246"><subfield code="a">Record herald</subfield></datafield><datafield ind1=" " ind2=" " tag="260"><subfield code="a">Katherine, OH :</subfield><subfield code="b">Times Community Newspapers</subfield></datafield><datafield ind1=" " ind2=" " tag="310"><subfield code="a">Weekly</subfield></datafield><datafield ind1="1" ind2=" " tag="362"><subfield code="a">Began with Mar. 12, 2010.</subfield></datafield><datafield ind1=" " ind2=" " tag="500"><subfield code="a">"Serving Tipp City, West Milton &amp; Bethel Township."</subfield></datafield><datafield ind1=" " ind2=" " tag="580"><subfield code="a">Part of: Sunday Troy daily news.</subfield></datafield><datafield ind1=" " ind2=" " tag="588"><subfield code="a">Description based on: Mar. 12, 2010; title from mastehead.</subfield></datafield><datafield ind1=" " ind2=" " tag="752"><subfield code="a">United States</subfield><subfield code="b">Ohio</subfield><subfield code="d">Tipp City.</subfield></datafield><datafield ind1=" " ind2=" " tag="752"><subfield code="a">United States</subfield><subfield code="b">Ohio</subfield><subfield code="d">West Milton.</subfield></datafield><datafield ind1=" " ind2=" " tag="752"><subfield code="a">United States</subfield><subfield code="b">Ohio</subfield><subfield code="d">Bethel Township.</subfield></datafield><datafield ind1="0" ind2="0" tag="780"><subfield code="t">Sunday record herald</subfield></datafield><datafield ind1="0" ind2=" " tag="787"><subfield code="t">Sunday Troy daily news</subfield></datafield><datafield ind1="4" ind2="1" tag="856"><subfield code="u">http://www.weeklyrecordherald.com</subfield></datafield></record>